








@inproceedings{floss2015southeast,
  title={Southeast Europe before Neolithisation},
  author={Floss, Harald and Krauss, Raiko},
  booktitle = {Proceedings of the International Workshop within the Collaborative Research Center SFB 1070 “RessourcenKulturen”, Schlo{\ss} Hohent{\"u}bingen, 9th of May 2014},
  year={2015},
  editor={Floss, Harald and Krauss, Raiko},
  publisher={Universit{\"a}t T{\"u}bingen}
}

@article{chakirou2012aspects,
  title={Aspects regarding the molecular characterisation of the Romanian Shepherd dog breeds},
  author={Chakirou, Olivier and Vlaic, Augustin and Car{\c{s}}ai, Teodora C and B{\^a}lteanu, Valentin A and Co{\c{s}}ier, Viorica},
  journal={Animal Biology \& Animal Husbandry},
  volume={4},
  number={1},
  pages={28--31},
  year={2012},
  publisher={Bioflux SRL}
}

@article{whittle2016vinca,
  title={A Vinca potscape: Formal chronological models for the use and development of Vinca ceramics in south-east Europe},
  author={Whittle, Alasdair and Bayliss, Alex and Barclay, Alistair J and Gaydarska, Bisserka and B{\'a}nffy, Estzer and Bori{\'c}, Du{\v{s}}an and Drasovean, Florin and Jakucs, J{\'a}nos and Mari{\'c}, Miroslav and Orton, David and others},
  journal={Documenta Praehistorica},
  volume={43},
  pages={1--60},
  year={2016},
  publisher={Ljubljana University}
}

@article{salavert2018opium,
  title={The opium poppy in Europe: exploring its origin and dispersal during the Neolithic},
  author={Salavert, Aur{\'e}lie and Martin, Lucie and Antol{\'\i}n, Ferran and Zazzo, Antoine},
  journal={Antiquity},
  volume={92},
  number={364},
  year={2018},
  publisher={Cambridge University Press}
}

@article{lazaridis2018paleolithic,
  title={Paleolithic DNA from the Caucasus reveals core of West Eurasian ancestry},
  author={Lazaridis, Iosif and Belfer-Cohen, Anna and Mallick, Swapan and Patterson, Nick and Cheronet, Olivia and Rohland, Nadin and Bar-Oz, Guy and Bar-Yosef, Ofer and Jakeli, Nino and Kvavadze, Eliso and others},
  journal={bioRxiv},
  pages={423079},
  year={2018},
  publisher={Cold Spring Harbor Laboratory}
}

@article{tambets2018genes,
title={Genes reveal traces of common recent demographic history for most of the Uralic-speaking populations},
author={Tambets, Kristiina and Yunusbayev, Bayazit and Hudjashov, Georgi and Ilum{\"a}e, Anne-Mai and Rootsi, Siiri and Honkola, Terhi and Vesakoski, Outi and Atkinson, Quentin and Skoglund, Pontus and Kushniarevich, Alena and others},
journal={Genome biology},
volume={19},
number={1},
pages={139},
year={2018},
publisher={BioMed Central}
}

@article{longman2018exceptionally,
  title={Exceptionally high levels of lead pollution in the Balkans from the Early Bronze Age to the Industrial Revolution},
  author={Longman, Jack and Veres, Daniel and Finsinger, Walter and Ersek, Vasile},
  journal={Proceedings of the National Academy of Sciences},
  volume={115},
  number={25},
  pages={E5661--E5668},
  year={2018},
  publisher={National Acad Sciences}
}

@article {Brace2018Population,
    author = {Brace, Selina and Diekmann, Yoan and Booth, Thomas J. and Faltyskova, Zuzana and Rohland, Nadin and Mallick, Swapan and Ferry, Matthew and Michel, Megan and Oppenheimer, Jonas and Broomandkhoshbacht, Nasreen and Stewardson, Kristin and Walsh, Susan and Kayser, Manfred and Schulting, Rick and Craig, Oliver E and Sheridan, Alison and Pearson, Mike Parker and Stringer, Chris and Reich, David and Thomas, Mark G and Barnes, Ian},
    title = {Population Replacement in Early Neolithic Britain},
    year = {2018},
    doi = {10.1101/267443},
    publisher = {Cold Spring Harbor Laboratory},
    URL = {https://www.biorxiv.org/content/early/2018/02/18/267443},
    eprint = {https://www.biorxiv.org/content/early/2018/02/18/267443.full.pdf},
    journal = {bioRxiv}
}

@article{cristiani2018dental,
  title={Dental calculus and isotopes provide direct evidence of fish and plant consumption in Mesolithic Mediterranean},
  author={Cristiani, Emanuela and Radini, Anita and Bori{\'c}, Du{\v{s}}an and Robson, Harry K and Caricola, Isabella and Carra, Marialetizia and Mutri, Giuseppina and Oxilia, Gregorio and Zupancich, Andrea and {\v{S}}laus, Mario and others},
  journal={Scientific reports},
  volume={8},
  number={1},
  pages={8147},
  year={2018},
  publisher={Nature Publishing Group}
}

@article{weller2015first, title={First salt making in Europe: an overview from Neolithic times}, author={Weller, Olivier}, journal={Documenta Praehistorica}, volume={42}, pages={185--196}, year={2015}, publisher={University of Ljubljana, Faculty of Arts} }
@article{anthony2011secondary,
  title={The secondary products revolution, horse-riding, and mounted warfare},
  author={Anthony, David W and Brown, Dorcas R},
  journal={Journal of World Prehistory},
  volume={24},
  number={2-3},
  pages={131},
  year={2011},
  publisher={Springer}
}

@article{malyarchuk2018whole,
  title={Whole mitochondrial genome diversity in two Hungarian populations},
  author={Malyarchuk, Boris and Derenko, Miroslava and Denisova, Galina and Litvinov, Andrey and Rogalla, Urszula and Skonieczna, Katarzyna and Grzybowski, Tomasz and Pentel{\'e}nyi, Kl{\'a}ra and Guba, Zsuzsanna and Zeke, Tam{\'a}s and others},
  journal={Molecular Genetics and Genomics},
  volume={293},
  number={5},
  pages={1255--1263},
  year={2018},
  publisher={Springer}
}



@article{otte2018coliboaia,
  title={Coliboaia, art rupestre aurignacien en Roumanie},
  author={Otte, Marcel},
  journal={L'Anthropologie},
  volume={122},
  number={2},
  pages={261--263},
  year={2018},
  publisher={Elsevier}
}

@article{noiret2013mircea,
  title={Mircea Eliade et la pens{\'e}e mythique au Pal{\'e}olithique Sup{\'e}rieur},
  author={Noiret, Pierre},
  journal={Arheologia Moldovei},
  volume={36},
  pages={279--286},
  year={2013}
}

@article{lightfoot2011exploring,
  title={Exploring the Mesolithic and Neolithic transition in Croatia through isotopic investigations},
  author={Lightfoot, E and Boneva, B and Miracle, PT and {\v{S}}laus, Mario and O'connell, TC},
  journal={Antiquity},
  volume={85},
  number={327},
  pages={73--86},
  year={2011},
  DOI={10.1017/S0003598X00067442},
  publisher={Cambridge University Press}
}

@article{lightfoot2011exploring,
  title={Exploring the Mesolithic and Neolithic transition in Croatia through isotopic investigations},
  author={Lightfoot, E and Boneva, B and Miracle, PT and {\v{S}}laus, Mario and O'connell, TC},
  journal={Antiquity},
  volume={85},
  number={327},
  pages={73--86},
  year={2011},
  publisher={Cambridge University Press}
}

@article{siklosi2018spread,
  title={The spread of the products and technology of metallurgy in the Carpathian Basin between 5000 and 3000 BC--Current questions},
  author={Sikl{\'o}si, Zsuzsanna and Vir{\'a}g, Zsuzsanna M and Mozgai, Vikt{\'o}ria and Bajn{\'o}czi, Bernadett},
  journal={Dissertationes Archaeologicae},
  volume={3},
  number={5},
  pages={67--82},
  year={2018}
}

@article{birch2016late,
  title={Late Pleistocene/Early Holocene migratory behavior of ungulates using isotopic analysis of tooth enamel and its effects on forager mobility},
  author={Birch, Suzanne E Pilaar and Miracle, Preston T and Stevens, Rhiannon E and O’Connell, Tamsin C},
  journal={PloS one},
  volume={11},
  number={6},
  pages={e0155714},
  year={2016},
  publisher={Public Library of Science}
}

@article{gamarra20185000,
  title={5000 years of dietary variations of prehistoric farmers in the Great Hungarian Plain},
  author={Gamarra, Beatriz and Howcroft, Rachel and McCall, Ashley and Dani, J{\'a}nos and Hajd{\'u}, Zsigmond and Nagy, Emese Gy{\"o}ngyv{\'e}r and Szab{\'o}, L{\'a}szl{\'o} D and Dombor{\'o}czki, L{\'a}szl{\'o} and Pap, Ildik{\'o} and Raczky, P{\'a}l and others},
  journal={PloS one},
  volume={13},
  number={5},
  pages={e0197214},
  year={2018},
  publisher={Public Library of Science}
}

@article{ollivier2018dogs,
    author={Ollivier, Morgane and Tresset, Anne and Frantz, Laurent AF and Br{\'e}hard, St{\'e}phanie and B{\u{a}}l{\u{a}}{\c{s}}escu, Adrian and Mashkour, Marjan and Boronean{\c{t}}, Adina and Pionnier-Capitan, Maud and Lebrasseur, Oph{\'e}lie and Arbogast, Rose-Marie and others},
    title = {Dogs accompanied humans during the Neolithic expansion into Europe},
    journal = {Biology Letters},
    volume = {14},
    number = {10},
    pages = {20180286},
    year = {2018},
    doi = {10.1098/rsbl.2018.0286},
    URL = {https://royalsocietypublishing.org/doi/abs/10.1098/rsbl.2018.0286},
    eprint = {https://royalsocietypublishing.org/doi/pdf/10.1098/rsbl.2018.0286},
  publisher={The Royal Society}
}




@article{olalde2015common,
    title={A common genetic origin for early farmers from Mediterranean Cardial and Central European LBK cultures},
    author={Olalde, I{\~n}igo and Schroeder, Hannes and Sandoval-Velasco, Marcela and Vinner, Lasse and Lob{\'o}n, Irene and Ramirez, Oscar and Civit, Sergi and Garc{\'\i}a Borja, Pablo and Salazar-Garc{\'\i}a, Domingo C and Talamo, Sahra and others},
    journal = {Molecular Biology and Evolution},
    volume = {32},
    number = {12},
    pages = {3132-3142},
    year = {2015},
    issn = {0737-4038},
    doi = {10.1093/molbev/msv181},
    url = {https://dx.doi.org/10.1093/molbev/msv181},
    eprint = {http://oup.prod.sis.lan/mbe/article-pdf/32/12/3132/17472076/msv181.pdf}
}

@article{boric2018high,
  title={High-Resolution AMS Dating of Architecture, Boulder Artworks and the Transition to Farming at Lepenski Vir},
  author={Bori{\'c}, Du{\v{s}}an and Higham, Thomas and Cristiani, Emanuela and Dimitrijevi{\'c}, Vesna and Nehlich, Olaf and Griffiths, Seren and Alexander, Craig and Mihailovi{\'c}, Bojana and Filipovi{\'c}, Dragana and Allu{\'e}, Ethel and others},
  journal={Scientific reports},
  volume={8},
  number={1},
  pages={14221},
  year={2018},
  publisher={Nature Publishing Group}
}

@article {Krzewinska2018anciant,
    author = {Krzewi{\'n}ska, Maja and K{\i}l{\i}n{\c c}, G{\"u}l{\c s}ah Merve and Juras, Anna and Koptekin, Dilek and Chyle{\'n}ski, Maciej and Nikitin, Alexey G. and Shcherbakov, Nikolai and Shuteleva, Iia and Leonova, Tatiana and Kraeva, Liudmila and Sungatov, Flarit A. and Sultanova, Alfija N. and Potekhina, Inna and {\L}ukasik, Sylwia and Krenz-Niedba{\l}a, Marta and Dal{\'e}n, Love and Sinika, Vitaly and Jakobsson, Mattias and Stor{\r a}, Jan and G{\"o}therstr{\"o}m, Anders},
    title = {Ancient genomes suggest the eastern Pontic-Caspian steppe as the source of western Iron Age nomads},
    volume = {4},
    number = {10},
    year = {2018},
    doi = {10.1126/sciadv.aat4457},
    publisher = {American Association for the Advancement of Science},
    URL = {http://advances.sciencemag.org/content/4/10/eaat4457},
    eprint = {http://advances.sciencemag.org/content/4/10/eaat4457.full.pdf},
    journal = {Science Advances}
}

@article {Veeramah2018pop,
    author = {Veeramah, Krishna R. and Rott, Andreas and Gro{\ss}, Melanie and van Dorp, Lucy and L{\'o}pez, Saioa and Kirsanow, Karola and Sell, Christian and Bl{\"o}cher, Jens and Wegmann, Daniel and Link, Vivian and Hofmanov{\'a}, Zuzana and Peters, Joris and Trautmann, Bernd and Gairhos, Anja and Haberstroh, Jochen and P{\"a}ffgen, Bernd and Hellenthal, Garrett and Haas-Gebhard, Brigitte and Harbeck, Michaela and Burger, Joachim},
    title = {Population genomic analysis of elongated skulls reveals extensive female-biased immigration in Early Medieval Bavaria},
    volume = {115},
    number = {13},
    pages = {3494--3499},
    year = {2018},
    doi = {10.1073/pnas.1719880115},
    publisher = {National Academy of Sciences},
    issn = {0027-8424},
    URL = {https://www.pnas.org/content/115/13/3494},
    eprint = {https://www.pnas.org/content/115/13/3494.full.pdf},
    journal = {Proceedings of the National Academy of Sciences}
}

@article{amorim2018understanding,
  title={Understanding 6th-century barbarian social organization and migration through paleogenomics},
  author={Amorim, Carlos Eduardo G and Vai, Stefania and Posth, Cosimo and Modi, Alessandra and Koncz, Istv{\'a}n and Hakenbeck, Susanne and La Rocca, Maria Cristina and Mende, Balazs and Bobo, Dean and Pohl, Walter and others},
  journal={Nature communications},
  volume={9},
  number={1},
  pages={3547},
  year={2018},
  publisher={Nature Publishing Group}
}

@article {Gunther2015ancient,
    author = {G{\"u}nther, Torsten and Valdiosera, Cristina and Malmstr{\"o}m, Helena and Ure{\~n}a, Irene and Rodriguez-Varela, Ricardo and Sverrisd{\'o}ttir, {\'O}ddny Osk and Daskalaki, Evangelia A. and Skoglund, Pontus and Naidoo, Thijessen and Svensson, Emma M. and Berm{\'u}dez de Castro, Jos{\'e} Mar{\'\i}a and Carbonell, Eudald and Dunn, Michael and Stor{\r a}, Jan and Iriarte, Eneko and Arsuaga, Juan Luis and Carretero, Jos{\'e}-Miguel and G{\"o}therstr{\"o}m, Anders and Jakobsson, Mattias},
    title = {Ancient genomes link early farmers from Atapuerca in Spain to modern-day Basques},
    volume = {112},
    number = {38},
    pages = {11917--11922},
    year = {2015},
    doi = {10.1073/pnas.1509851112},
    publisher = {National Academy of Sciences},
    issn = {0027-8424},
    URL = {https://www.pnas.org/content/112/38/11917},
    eprint = {https://www.pnas.org/content/112/38/11917.full.pdf},
    journal = {Proceedings of the National Academy of Sciences}
}

@article{zhang2018reconciling,
  title={Reconciling the father tongue and mother tongue hypotheses in Indo-European populations},
  author={Zhang, Menghan and Zheng, Hong-Xiang and Yan, Shi and Jin, Li},
  journal={National Science Review},
  year={2018},
  doi = {10.1093/nsr/nwy083},
  url = {https://dx.doi.org/10.1093/nsr/nwy083},
  eprint = {http://oup.prod.sis.lan/nsr/advance-article-pdf/doi/10.1093/nsr/nwy083/27644999/nwy083.pdf},
}

@article{harris2017demic,
title={Demic and cultural diffusion in prehistoric Europe in the age of ancient genomes},
author={Harris, Eugene E},
journal={Evolutionary Anthropology: Issues, News, and Reviews},
volume={26},
number={5},
pages={228--241},
year={2017},
publisher={Wiley Online Library}
}

@article{zvelebil2008human, title={Human condition, life, and death at an early Neolithic settlement: Bioarchaeological analyses of the Vedrovice cemetery and their biosocial implications for the spread of agriculture in Central Europe}, author={ZVELEBIL, MAREK and PETTITT, PAUL}, journal={Anthropologie (1962-)}, volume={46}, number={2/3}, pages={195--218}, year={2008}, publisher={JSTOR} }

@article{benes2012marek,
  title={Marek Zvelebil and the Identity of archaeology},
  author={Bene{\v{s}}, Jarom{\'\i}r and Lillie, Malcolm},
  journal={InterdiusciplInaria Archaeologica Natural ScIences In Archaeology},
  volume={3},
  number={1},
  pages={3--7},
  year={2012}
}

@article{juras2018mitochondrial, title={Mitochondrial genomes reveal an east to west cline of steppe ancestry in Corded Ware populations}, author={Juras, Anna and Chyle{\'n}ski, Maciej and Ehler, Edvard and Malmstr{\"o}m, Helena and {\.Z}urkiewicz, Danuta and W{\l}odarczak, Piotr and Wilk, Stanis{\l}aw and Pe{\v{s}}ka, Jaroslav and Fojt{\'\i}k, Pavel and Kr{\'a}l{\'\i}k, Miroslav and others}, journal={Scientific reports}, volume={8}, number={1}, pages={11603}, year={2018}, publisher={Nature Publishing Group} }
@article{ehler2018amtdb,
    author={Ehler, Edvard and Novotn{\`y}, Ji{\v{r}}{\'\i} and Juras, Anna and Chyle{\'n}ski, Maciej and Morav{\v{c}}{\'\i}k, Ond{\v{r}}ej and Pa{\v{c}}es, Jan},
    title = "{AmtDB: a database of ancient human mitochondrial genomes}",
    journal = {Nucleic Acids Research},
    volume = {47},
    number = {D1},
    pages = {D29-D32},
    year = {2018},
    month = {09},
    issn = {0305-1048},
    doi = {10.1093/nar/gky843},
    url = {https://dx.doi.org/10.1093/nar/gky843},
    eprint = {http://oup.prod.sis.lan/nar/article-pdf/47/D1/D29/27436178/gky843.pdf},
    publisher={Oxford University Press}
}

@article{Spiteri2016reg,
    author = {Spiteri, Debono Cynthianne and Gillis, Rosalind E. and Roffet-Salque, M{\'e}lanie and Castells Navarro, Laura and Guilaine, Jean and Manen, Claire and Muntoni, Italo M. and Sa{\~n}a Segui, Maria and Urem-Kotsou, Dushka and Whelton, Helen L. and Craig, Oliver E. and Vigne, Jean-Denis and Evershed, Richard P.},
    title = {Regional asynchronicity in dairy production and processing in early farming communities of the northern Mediterranean},
    volume = {113},
    number = {48},
    pages = {13594--13599},
    year = {2016},
    doi = {10.1073/pnas.1607810113},
    publisher = {National Academy of Sciences},
    issn = {0027-8424},
    URL = {https://www.pnas.org/content/113/48/13594},
    eprint = {https://www.pnas.org/content/113/48/13594.full.pdf},
    journal = {Proceedings of the National Academy of Sciences}
}

@article{vai2019genetic,
  title={A genetic perspective on Longobard-Era migrations},
  author={Vai, Stefania and Brunelli, Andrea and Modi, Alessandra and Tassi, Francesca and Vergata, Chiara and Pilli, Elena and Lari, Martina and Susca, Roberta Rosa and Giostra, Caterina and Baricco, Luisella Pejrani and others},
  journal={European Journal of Human Genetics},
  pages={1},
  year={2019},
  publisher={Nature Publishing Group}
}

@article{hanks2010archaeology,
  title={Archaeology of the Eurasian steppes and Mongolia},
  author={Hanks, Bryan},
  journal={Annual Review of Anthropology},
  volume={39},
  pages={469--486},
  year={2010},
  publisher={Annual Reviews}
}



@article{fort2015demic,
  title={Demic and cultural diffusion propagated the Neolithic transition across different regions of Europe},
  author={Fort, Joaquim},
  journal={Journal of the Royal Society interface},
  volume={12},
  number={106},
  pages={20150166},
  year={2015},
  publisher={The Royal Society}
}

@article{porvcic2016demography,
  title={Demography of the early Neolithic population in central Balkans: population dynamics reconstruction using summed radiocarbon probability distributions},
  author={Por{\v{c}}i{\'c}, Marko and Blagojevi{\'c}, Tamara and Stefanovi{\'c}, Sofija},
  journal={PLoS One},
  volume={11},
  number={8},
  pages={e0160832},
  year={2016},
  publisher={Public Library of Science}
}

@article{narasimhan2018genomic,
  title={The genomic formation of South and Central Asia},
  author={Narasimhan, Vagheesh M and Patterson, Nick J and Moorjani, Priya and Lazaridis, Iosif and Mark, Lipson and Mallick, Swapan and Rohland, Nadin and Bernardos, Rebecca and Kim, Alexander M and Nakatsuka, Nathan and others},
  year={2018},
  publisher={Cold Spring Harbor Laboratory}
}

@article{fu2015early,
  title={An early modern human from Romania with a recent Neanderthal ancestor},
  author={Fu, Qiaomei and Hajdinjak, Mateja and Moldovan, Oana Teodora and Constantin, Silviu and Mallick, Swapan and Skoglund, Pontus and Patterson, Nick and Rohland, Nadin and Lazaridis, Iosif and Nickel, Birgit and others},
  journal={Nature},
  volume={524},
  number={7564},
  pages={216},
  year={2015},
  publisher={Nature Publishing Group}
}

@article {Hublin2017last,
    author = {Hublin, Jean-Jacques},
    title = {The last Neanderthal},
    volume = {11},
    number = {40},
    pages = {10520--10522},
    year = {2017},
    doi = {10.1073/pnas.1714533114},
    publisher = {National Academy of Sciences},
    issn = {0027-8424},
    URL = {https://www.pnas.org/content/114/40/10520},
    eprint = {https://www.pnas.org/content/114/40/10520.full.pdf},
    journal = {Proceedings of the National Academy of Sciences}
}

@article{karavanic1998middle,
title={The Middle/Upper Paleolithic interface and the relationship of Neanderthals and early modern humans in the Hrvatsko Zagorje, Croatia},
author={Karavani{\'c}, Ivor and Smith, Fred H},
journal={Journal of Human Evolution},
volume={34},
number={3},
pages={223--248},
year={1998},
publisher={Elsevier}
}

@article{obreht2017shift,
  title={Shift of large-scale atmospheric systems over Europe during late MIS 3 and implications for Modern Human dispersal},
  author={Obreht, Igor and Hambach, Ulrich and Veres, Daniel and Zeeden, Christian and B{\"o}sken, Janina and Stevens, Thomas and Markovi{\'c}, Slobodan B and Klasen, Nicole and Brill, Dominik and Burow, Christoph and others},
  journal={Scientific reports},
  volume={7},
  number={1},
  pages={5848},
  year={2017},
  publisher={Nature Publishing Group}
}

@article{marinov2018mitochondrial,
  title={Mitochondrial diversity of Bulgarian native dogs suggests dual phylogenetic origin},
  author={Marinov, Miroslav and Teofanova, Denitsa and Gadjev, Dimitar and Radoslavov, Georgi and Hristov, Peter},
  journal={PeerJ},
  volume={6},
  pages={e5060},
  year={2018},
  publisher={PeerJ Inc.}
}

@article{apostol2013thermal,
  title={Thermal differentiations induced by the Carpathian Mountains on the Romanian territory},
  author={Apostol, Liviu and SF{\^I}C{\u{A}}, Lucian},
  journal={Carpathian Journal of Earth and Environmental Sciences},
  volume={8},
  number={2},
  pages={215--221},
  year={2013}
}

@article{valamoti2019prehistoric,
title={Prehistoric cereal foods of southeastern Europe: An archaeobotanical exploration},
author={Valamoti, Soultana Maria and Marinova, Elena and Heiss, Andreas G and Hristova, Ivanka and Petridou, Chryssa and Popova, Tzvetana and Michou, Stavroula and Papadopoulou, Lambrini and Chrysostomou, Panagiotis and Darcque, Pascal and others},
journal={Journal of Archaeological Science},
volume={104},
pages={97--113},
year={2019},
publisher={Elsevier}
}

@article{obreht2016tracing,
  title={Tracing the influence of Mediterranean climate on Southeastern Europe during the past 350,000 years},
  author={Obreht, Igor and Zeeden, Christian and Hambach, Ulrich and Veres, Daniel and Markovi{\'c}, Slobodan B and B{\"o}sken, Janina and Svir{\v{c}}ev, Zorica and Ba{\v{c}}evi{\'c}, Nikola and Gavrilov, Milivoj B and Lehmkuhl, Frank},
  journal={Scientific reports},
  volume={6},
  pages={36334},
  year={2016},
  publisher={Nature Publishing Group}
}

@techreport{sazu2014environmental,
  title={Environmental Planning Model for Cultural Heritage Sites in Southeastern Europe},
  author={Scientific Research Center of the Slovenian Academy of Science and Arts},
  year={2014},
  institution={EU}
}


@article{ghemis2011art,
  title={the “Art Gallery” in Coliboaia Cave, Apuseni Mountains, Romania},
  author={Ghemi{\c{s}}, C{\u{a}}lin and Clottes, Jean and G{\'e}ly, Bernard and Prud’home, Francoise},
  journal={Acta Archaeologica Carpathica},
  number={46},
  pages={5--18},
  year={2011},
  publisher={Polish Academy of Sciences} 
}



@article{wong2017reconstructing,
  title={Reconstructing genetic history of Siberian and Northeastern European populations},
  author={Wong, Emily HM and Khrunin, Andrey and Nichols, Larissa and Pushkarev, Dmitry and Khokhrin, Denis and Verbenko, Dmitry and Evgrafov, Oleg and Knowles, James and Novembre, John and Limborska, Svetlana and others},
  journal={Genome research},
  volume={27},
  number={1},
  pages={1--14},
  year={2017},
  publisher={Cold Spring Harbor Lab}
}

@article{hoffecker2009spread,
  title={The spread of modern humans in Europe},
  author={Hoffecker, John F},
  journal={Proceedings of the National Academy of Sciences},
  volume={106},
  number={38},
  pages={16040--16045},
  year={2009},
  publisher={National Acad Sciences}
}

@article{kovacevic2014standing,
  title={Standing at the gateway to Europe-The genetic structure of Western Balkan populations based on autosomal and haploid markers},
  author={Kovacevic, Lejla and Tambets, Kristiina and Ilum{\"a}e, Anne-Mai and Kushniarevich, Alena and Yunusbayev, Bayazit and Solnik, Anu and Bego, Tamer and Primorac, Dragan and Skaro, Vedrana and Leskovac, Andreja and others},
  journal={PLoS One},
  volume={9},
  number={8},
  pages={e105090},
  year={2014},
  publisher={Public Library of Science}
}

@article{lazaridis2018evolutionary,
  title={The evolutionary history of human populations in Europe},
  author={Lazaridis, Iosif},
  journal={Current opinion in genetics \& development},
  volume={53},
  pages={21--27},
  year={2018},
  publisher={Elsevier}
}

@book{harvati2017paleoanthropology,
  title={Paleoanthropology of the Balkans and Anatolia: Human Evolution and Its Context},
  author={Harvati, Katerina and Roksandic, Mirjana},
  year={2017},
  publisher={Springer}
}

@article{niculictua2016archaeological,
  title={Archaeological evidence for Holocene landslide activity in the Eastern Carpathian lowland},
  author={Niculi{\c{t}}{\u{a}}, Mihai and M{\u{a}}rg{\u{a}}rint, Mihai Ciprian and Santangelo, Michele},
  journal={Quaternary International},
  volume={415},
  pages={175--189},
  year={2016},
  publisher={Elsevier}
}

@inbook{galanidou2004early,
  title={Early hominids in the Balkans},
  author={Galanidou, Nena},
  booktitle={Balkan Biodiversity},
  pages={147--165},
  year={2004},
  publisher={Springer}
}

@article{grugni2018reconstructing,
  title={Reconstructing the genetic history of Italians: new insights from a male (Y-chromosome) perspective},
  author={Grugni, Viola and Raveane, Alessandro and Mattioli, Francesca and Battaglia, Vincenza and Sala, Cinzia and Toniolo, Daniela and Ferretti, Luca and Gardella, Rita and Achilli, Alessandro and Olivieri, Anna and others},
  journal={Annals of human biology},
  volume={45},
  number={1},
  pages={44--56},
  year={2018},
  publisher={Taylor \& Francis}
}


@article{marinova2008cicer,
  title={Cicer arietinum (chick pea) in the Neolithic and Chalcolithic of Bulgaria: implications for cultural contacts with the neighbouring regions?},
  author={Marinova, Elena and Popova, Tzvetana},
  journal={Vegetation history and archaeobotany},
  volume={17},
  number={1},
  pages={73},
  year={2008},
  publisher={Springer}
}

@article{kroonen2018linguistic,
  title={Linguistic supplement to Damgaard et al. 2018: Early Indo-European languages, Anatolian, Tocharian and Indo-Iranian},
  author={Kroonen, Guus and Barjamovic, Gojko and Peyrot, Micha{\"e}l},
  journal={Zenodo},
  year={2018}
}
@article{lazaridis2017genetic,
  title={Genetic origins of the Minoans and Mycenaeans},
  author={Lazaridis, Iosif and Mittnik, Alissa and Patterson, Nick and Mallick, Swapan and Rohland, Nadin and Pfrengle, Saskia and Furtw{\"a}ngler, Anja and Peltzer, Alexander and Posth, Cosimo and Vasilakis, Andonis and others},
  journal={Nature},
  volume={548},
  number={7666},
  pages={214},
  year={2017},
  publisher={Nature Publishing Group}
}

@article{goldberg2017ancient,
  title={Ancient X chromosomes reveal contrasting sex bias in Neolithic and Bronze Age Eurasian migrations},
  author={Goldberg, Amy and G{\"u}nther, Torsten and Rosenberg, Noah A and Jakobsson, Mattias},
  journal={Proceedings of the National Academy of Sciences},
  volume={114},
  number={10},
  pages={2657--2662},
  year={2017},
  publisher={National Acad Sciences}
}


@inbook{zilhao2007pecstera,
  title={The Pe{\c{s}}tera cu Oase people, Europe’s earliest modern humans},
  author={Zilh{\~a}o, Jo{\~a}o and Trinkaus, Erik and Constantin, Silviu and Milota, {\c{S}}tefan and Gherase, Mircea and Sarcina, Lauren{\c{t}}iu and Danciu, Adrian and Rougier, H{\'e}l{\`e}ne and Quil{\`e}s, J{\'e}r{\^o}me and Rodrigo, Ricardo},
  booktitle={Rethinking the Human Revolution. New Behavioural and Biological Perspectives on the Origin and Dispersal of Modern Humans},
  publisher={McDonald Institute for Archaeological Research, Cambridge},
  pages={249--262},
  editors={Mellars, P and Bar-Yosef, O and Stringer, C and Boyle, K},
  year={2007}
}

@article{de2018137,
  title={137 ancient human genomes from across the Eurasian steppes},
  author={ Damgaard, Peter de Barros and Marchi, Nina and Rasmussen, Simon and Peyrot, Micha{\"e}l and Renaud, Gabriel and Korneliussen, Thorfinn and Moreno-Mayar, J V{\'\i}ctor and Pedersen, Mikkel Winther and Goldberg, Amy and Usmanova, Emma and others},
  journal={Nature},
  volume={557},
  number={7705},
  pages={369},
  year={2018},
  publisher={Nature Publishing Group}
}

@article{szecsenyi2014ancient,
  title={Ancient DNA evidence for a homogeneous maternal gene pool in sixth millennium cal BC Hungary and the Central European LBK},
  author={Sz{\'e}cs{\'e}nyi-Nagy, Anna and Keerl, VIctoria and Jakucs, J{\'a}nos and Brandt, Guido and B{\'a}nffy, Eszter and Alt, Kurt W},
  journal={Science Proceedings of the British Academy},
  volume={198},
  pages={71--93},
  year={2014}
}

@article{allentoft2015population,
  title={Population genomics of bronze age Eurasia},
  author={Allentoft, Morten E and Sikora, Martin and Sj{\"o}gren, Karl-G{\"o}ran and Rasmussen, Simon and Rasmussen, Morten and Stenderup, Jesper and Damgaard, Peter B and Schroeder, Hannes and Ahlstr{\"o}m, Torbj{\"o}rn and Vinner, Lasse and others},
  journal={Nature},
  volume={522},
  number={7555},
  pages={167},
  year={2015},
  publisher={Nature Publishing Group}
}

@article{shtrunov2010origin,
  title={The origin of haplogroup I1-M253 in Eastern Europe},
  author={Shtrunov, Alexander},
  journal={The Russian Journal of Genetic Genealogy},
  volume={1},
  number={2},
  pages={1--11},
  year={2010}
}
@article{curry2013archaeology,
  title={Archaeology: the milk revolution},
  author={Curry, Andrew},
  journal={Nature News},
  volume={500},
  number={7460},
  pages={20},
  year={2013}
}

@article{jordan2005grossgliederung,
  title={Gro{\ss}gliederung Europas nach kulturr{\"a}umlichen Kriterien},
  author={Jordan, Peter},
  journal={Europa Regional},
  volume={13},
  number={4},
  pages={162--173},
  year={2005},
  publisher={DEU}
}

@article{wang2018genetic,
  title={The genetic prehistory of the Greater Caucasus},
  author={Wang, Chuan-Chao and Reinhold, Sabine and Kalmykov, Alexey and Wissgott, Antje and Brandt, Guido and Jeong, Choongwon and Cheronet, Olivia and Ferry, Matthew and Harney, Eadaoin and Keating, Denise and others},
  year={2018},
  publisher={Cold Spring Harbor Laboratory},
  doi={10.1101/322347}
}


@article{berger20098200,
  title={The 8200 cal BP abrupt environmental change and the Neolithic transition: A Mediterranean perspective},
  author={Berger, Jean-Fran{\c{c}}ois and Guilaine, Jean},
  journal={Quaternary international},
  volume={200},
  number={1-2},
  pages={31--49},
  year={2009},
  publisher={Elsevier}
}

@article{wood2000food,
title={Food and drink in European prehistory},
author={Wood, Jacqui},
journal={European Journal of Archaeology},
volume={3},
number={1},
pages={89--111},
year={2000},
publisher={Cambridge University Press}
}
@article{scheidel2015orbis,
title={ORBIS: the Stanford geospatial network model of the roman world},
author={Scheidel, Walter},
year={2015},
publisher={Stanford University}
}

@article{gonzalez2017paleogenomic,
title={Paleogenomic evidence for multi-generational mixing between Neolithic farmers and Mesolithic hunter-gatherers in the lower Danube basin},
author={Gonz{\'a}lez-Fortes, Gloria and Jones, Eppie R and Lightfoot, Emma and Bonsall, Clive and Lazar, Catalin and Grandal-d’Anglade, Aurora and Garralda, Mar{\'\i}a Dolores and Drak, Labib and Siska, Veronika and Simalcsik, Angela and others},
journal={Current Biology},
volume={27},
number={12},
pages={1801--1810},
year={2017},
publisher={Elsevier}
}

@book{lazuar2012catalogue,
title={The catalogue of the Neolithic and Eneolithic funerary findings from Romania},
author={Laz{\u{a}}r, C{\u{a}}t{\u{a}}lin},
year={2012},
publisher={Cetatea de Scaun}
}

@inbook{pernicka2010invention,
title={The invention of copper metallurgy and the Copper Age of old Europe},
author={Pernicka, Ernst and Anthony, David W},
booktitle={The lost world of old Europe: the Danube Valley, 5000-3500 BC},
editor={Anthony, David W. and Chi, Jennifer Y.},
year={2010},
pages={178-190}, publisher={Princeton University Press}
}


@inbook{seferiades2009spondylus,
title={Spondylus and long-distance trade in prehistoric Europe},
author={S{\'e}f{\'e}riad{\`e}s, Michel Louis},
booktitle={The lost world of old Europe: the Danube Valley, 5000-3500 BC},
editor={Anthony, David W. and Chi, Jennifer Y.},
year={2010},
pages={178-190}, publisher={Princeton University Press}
}

@book{bailey2010lost,
title={The lost world of old Europe: the Danube Valley, 5000-3500 BC},
author={Anthony, David W. and Chi, Jennifer Y.},
year={2010},
publisher={Princeton University Press}
}

@article{pinhasi2012genetic,
title={The genetic history of Europeans},
author={Pinhasi, Ron and Thomas, Mark G and Hofreiter, Michael and Currat, Mathias and Burger, Joachim},
journal={Trends in Genetics},
volume={28},
number={10},
pages={496--505},
year={2012},
publisher={Elsevier}
}

@article{maniatis2014new,
  title={New 14C evidence for the Late Neolithic-Early Bronze Age transition in Southeast Europe},
  author={Maniatis, Yannis and Tsirtsoni, Zo{\"\i} and Oberlin, Christine and Darcque, Pascal and Koukouli-Chryssanthaki, Chaido and Malamidou, Dimitra and Siros, Tasos and Miteletsis, Miltos and Papadopoulos, Stratis and Kromer, Bernd},
  journal={Open Journal of Archaeometry},
  volume={2},
  number={1},
  year={2014}
}

@book{reingruber2017going,
  title={Going West?: The Dissemination of Neolithic Innovations Between the Bosporus and the Carpathians},
  author={Reingruber, Agathe and Tsirtsoni, Zo{\"\i} and Nedelcheva, Petranka},
  volume={3},
  year={2017},
  publisher={Taylor \& Francis}
}

@inbook{Saile2012salt,
title={Salt in the Neolithic of Central Europe: production and distribution},
author={Saile, Thomas},
booktitle={Salt and Gold: The Role of Salt in Prehistoric Europe. Provadia & Veliko Tarnovo},
editor={V. Nikolov, V and Bacvarov, K},
pages={225-238},
year={2012}
}

@article{anthony2015indo,
  title={The Indo-European homeland from linguistic and archaeological perspectives},
  author={Anthony, David W and Ringe, Don},
  journal={Annu. Rev. Linguist.},
  volume={1},
  number={1},
  pages={199--219},
  year={2015},
  publisher={Annual Reviews}
}

@article{anthony2013two,
  title={Two IE phylogenies, three PIE migrations, and four kinds of steppe pastoralism},
  author={Anthony, David W},
  journal={Вестник РГГУ. Серия: Филология. Вопросы языкового родства},
  number={5},
  pages={1--21},
  year={2013},
  publisher={Федеральное государственное бюджетное образовательное учреждение высшего~…}
}

@book{morris2010west,
title={Why the west rules-for now: The patterns of history and what they reveal about the future},
author={Morris, Ian},
year={2010},
publisher={Profile books}
}

@article{diamond2002evolution,
  title={Evolution, consequences and future of plant and animal domestication},
  author={Diamond, Jared},
  journal={Nature},
  volume={418},
  number={6898},
  pages={700},
  year={2002},
  publisher={Nature Publishing Group}
}

@article{ivanova2018pioneer,
  title={Pioneer farming in southeast Europe during the early sixth millennium BC: Climate-related adaptations in the exploitation of plants and animals},
  author={Ivanova, Maria and De Cupere, Bea and Ethier, Jonathan and Marinova, Elena},
  journal={PloS one},
  volume={13},
  number={5},
  pages={e0197225},
  year={2018},
  publisher={Public Library of Science}
}

@phdthesis{szecsenyi2015molecular,
  title={Molecular genetic investigation of the Neolithic population history in the western Carpathian Basin},
  author={Sz{\'e}cs{\'e}nyi-Nagy, Anna},
  year={2015},
  school={Universit{\"a}tsbibliothek Mainz}
}

@book{zvelebil2009hunters,
  title={Hunters in transition: Mesolithic societies of temperate Eurasia and their transition to farming},
  author={Zvelebil, Marek},
  year={2009},
  publisher={Cambridge University Press}
}


@phdthesis{szecsenyi2015molecular,
  title={Molecular genetic investigation of the Neolithic population history in the western Carpathian Basin},
  author={Sz{\'e}cs{\'e}nyi-Nagy, Anna},
  year={2015},
  school={Universit{\"a}tsbibliothek Mainz}
}

@article{whitford2018characterizing,
  title={Characterizing the cultural evolutionary process from eco-cultural niche models: niche construction during the Neolithic of the Struma River Valley (c. 6200--4900 BC)},
  author={Whitford, Brent R},
  journal={Archaeological and Anthropological Sciences},
  pages={1--20},
  year={2018},
  publisher={Springer}
}

@book{champion2009prehistoric,
  title={Prehistoric Europe},
  author={Champion, Timothy and Gamble, Clive and Shennan, Stephen and Whittle, Alasdair},
  year={2009},
  publisher={Routledge}
}

@article{rowley2011foraging,
  title={Foraging and farming as niche construction: stable and unstable adaptations},
  author={Rowley-Conwy, Peter and Layton, Robert},
  journal={Philosophical Transactions of the Royal Society B: Biological Sciences},
  volume={366},
  number={1566},
  pages={849--862},
  year={2011},
  publisher={The Royal Society}
}


@article{balasse2017animal,
title={Animal Board Invited Review: Sheep birth distribution in past herds: a review for prehistoric Europe (6th to 3rd millennia BC)},
author={Balasse, Marie and Tresset, A and B{\u{a}}l{\u{a}}{\c{s}}escu, A and Blaise, E and Tornero, C and Gandois, H and Fiorillo, D and Nyerges, {\'E}{\'A} and Fr{\'e}mondeau, Delphine and Banffy, E and others},
journal={animal},
volume={11},
number={12},
pages={2229--2236},
year={2017},
publisher={Cambridge University Press}
}


@article{ethier2017earliest,
  title={Earliest expansion of animal husbandry beyond the Mediterranean zone in the sixth millennium BC},
  author={Ethier, Jonathan and B{\'a}nffy, Eszter and Vukovi{\'c}, Jasna and Leshtakov, Krassimir and Bacvarov, Krum and Roffet-Salque, M{\'e}lanie and Evershed, Richard P and Ivanova, Maria},
  journal={Scientific reports},
  volume={7},
  number={1},
  pages={7146},
  year={2017},
  publisher={Nature Publishing Group}
}

@book{anthony2010horse,
  title={The horse, the wheel, and language: how Bronze-Age riders from the Eurasian steppes shaped the modern world},
  author={Anthony, David W},
  year={2010},
  publisher={Princeton University Press}
}



@article{de2018first,
  title={The first horse herders and the impact of early Bronze Age steppe expansions into Asia},
  author={de Barros Damgaard, Peter and Martiniano, Rui and Kamm, Jack and Moreno-Mayar, J V{\'\i}ctor and Kroonen, Guus and Peyrot, Micha{\"e}l and Barjamovic, Gojko and Rasmussen, Simon and Zacho, Claus and Baimukhanov, Nurbol and others},
  journal={Science},
  volume={360},
  number={6396},
  pages={eaar7711},
  year={2018},
  publisher={American Association for the Advancement of Science}
}


@book{bailey2002balkan,
  title={Balkan prehistory: exclusion, incorporation and identity},
  author={Bailey, Douglass W},
  year={2002},
  publisher={Routledge}
}

@article{wang2017tianshanbeilu,
  title={Tianshanbeilu and the Isotopic Millet Road: Reviewing the late Neolithic/Bronze Age radiation of human millet consumption from north China to Europe},
  author={Wang, Tingting and Wei, Dong and Chang, Xien and Yu, Zhiyong and Zhang, Xinyu and Wang, Changsui and Hu, Yaowu and Fuller, Benjamin T},
  journal={National Science Review},
  year={2017}
}

@article{haak2015massive,
  title={Massive migration from the steppe was a source for Indo-European languages in Europe},
  author={Haak, Wolfgang and Lazaridis, Iosif and Patterson, Nick and Rohland, Nadin and Mallick, Swapan and Llamas, Bastien and Brandt, Guido and Nordenfelt, Susanne and Harney, Eadaoin and Stewardson, Kristin and others},
  journal={Nature},
  volume={522},
  number={7555},
  pages={207},
  year={2015},
  publisher={Nature Publishing Group}
}


@article{marin2017chronometric,
  title={The Chronometric Dating and Subsistence of Late Neanderthals and Early Anatomically Modern Humans in the Central Balkans: Insights from {\v{S}}alitrena Pe{\'c}ina (Mionica, Serbia)},
  author={Mar{\'\i}n-Arroyo, Ana B and Mihailovi{\'c}, Bojana},
  journal={Journal of Anthropological Research},
  volume={73},
  number={3},
  pages={413--447},
  year={2017},
  publisher={University of Chicago Press, Chicago}
}


@article{marin2017chronometric,
  title={The Chronometric Dating and Subsistence of Late Neanderthals and Early Anatomically Modern Humans in the Central Balkans: Insights from {\v{S}}alitrena Pe{\'c}ina (Mionica, Serbia)},
  author={Mar{\'\i}n-Arroyo, Ana B and Mihailovi{\'c}, Bojana},
  journal={Journal of Anthropological Research},
  volume={73},
  number={3},
  pages={413--447},
  year={2017},
  publisher={University of Chicago Press Chicago, IL}
}



@book{curta2006southeastern,
  title={Southeastern Europe in the Middle Ages, 500-1250},
  author={Curta, Florin and Stephenson, Paul and others},
  year={2006},
  publisher={Cambridge University Press}
}

@article{schuck2002compilation,
  title={Compilation of a calibrated European forest map derived from NOAA-AVHRR data},
  author={Schuck, Andreas and Van Brusselen, Jo and P{\"a}ivinen, Risto and H{\"a}me, Tuomas and Kennedy, Pamela and Folving, Sten},
  journal={European Forest Institute. EFI Internal Report},
  volume={13},
  pages={44},
  year={2002}
}

@article{kaplan2009prehistoric,
  title={The prehistoric and preindustrial deforestation of Europe},
  author={Kaplan, Jed O and Krumhardt, Kristen M and Zimmermann, Niklaus},
  journal={Quaternary Science Reviews},
  volume={28},
  number={27-28},
  pages={3016--3034},
  year={2009},
  publisher={Elsevier}
}


@book{eliade1978history,
  title={History of Religious Ideas, Volume 1: From the Stone Age to the Eleusinian Mysteries},
  author={Eliade, Mircea},
  year={1978},
  publisher={University of Chicago Press}
}

@article{wunn2000beginning,
  title={Beginning of religion},
  author={Wunn, Ina},
  journal={Numen},
  volume={47},
  number={4},
  pages={417--452},
  year={2000},
  publisher={Brill}
}

@book{lupacs2009oierii,
  title={Oierii m{\u{a}}rgineni {\^\i}n Crimeea {\c{s}}i sudul Rusiei},
  author={Lupa{\c{s}}, Toma},
  year={2009},
  publisher={Salgo}
}

@book{makovicky2016neoliberalism,
  title={Neoliberalism, personhood, and postsocialism: enterprising selves in changing economies},
  author={Makovicky, Nicolette},
  year={2016},
  publisher={Routledge}
}

@article{juler2014dupua,
  title={Dup{\u{a}} coada oilor: long-distance transhumance and its survival in Romania},
  author={Juler, Caroline},
  journal={Pastoralism},
  volume={4},
  number={1},
  pages={4},
  year={2014},
  publisher={Springer}
}

@article {kocoj2017ostatni,
title = {The last shepherds of the Carpathians? Carpathian Ride 2013 - the phenomenon of the international project on on contemporary Vlach pastoral culture in the context of the cultural heritage of the region},
author = {Koc{\ 'o}j, Eva},
journal = {Culturologica Slovaca},
pages = {20-37},
year = {2017}
}

@article{marza2010bartolomeus,
  title={Bartolomeus Kopitar and Josef Dobrovsk{\`y} on Romanians.},
  author={Marza, Radu},
  journal={Transylvanian Review},
  volume={19},
  number={1},
  pages={107-120},
  year={2010}
}

@article{gunther2015ancient,
  title={Ancient genomes link early farmers from Atapuerca in Spain to modern-day Basques},
  author={G{\"u}nther, Torsten and Valdiosera, Cristina and Malmstr{\"o}m, Helena and Ure{\~n}a, Irene and Rodriguez-Varela, Ricardo and Sverrisd{\'o}ttir, {\'O}ddny Osk and Daskalaki, Evangelia A and Skoglund, Pontus and Naidoo, Thijessen and Svensson, Emma M and others},
  journal={Proceedings of the National Academy of Sciences},
  volume={112},
  number={38},
  pages={11917--11922},
  year={2015},
  publisher={National Acad Sciences}
}

@article{olalde2018beaker,
  title={The Beaker phenomenon and the genomic transformation of northwest Europe},
  author={Olalde, I{\~n}igo and Brace, Selina and Allentoft, Morten E and Armit, Ian and Kristiansen, Kristian and Booth, Thomas and Rohland, Nadin and Mallick, Swapan and Sz{\'e}cs{\'e}nyi-Nagy, Anna and Mittnik, Alissa and others},
  journal={Nature},
  volume={555},
  number={7695},
  pages={190},
  year={2018},
  publisher={Nature Publishing Group}
}




@article{mathieson2018genomic,
  title={The genomic history of southeastern Europe},
  author={Mathieson, Iain and Alpaslan-Roodenberg, Song{\"u}l and Posth, Cosimo and Sz{\'e}cs{\'e}nyi-Nagy, Anna and Rohland, Nadin and Mallick, Swapan and Olalde, I{\~n}igo and Broomandkhoshbacht, Nasreen and Candilio, Francesca and Cheronet, Olivia and others},
  journal={Nature},
  volume={555},
  number={7695},
  pages={197},
  year={2018},
  publisher={Nature Publishing Group}
}

@article{szecsenyi2015tracing,
  title={Tracing the genetic origin of Europe's first farmers reveals insights into their social organization},
  author={Sz{\'e}cs{\'e}nyi-Nagy, Anna and Brandt, Guido and Haak, Wolfgang and Keerl, Victoria and Jakucs, J{\'a}nos and M{\"o}ller-Rieker, Sabine and K{\"o}hler, Kitti and Mende, Bal{\'a}zs Guszt{\'a}v and Oross, Kriszti{\'a}n and Marton, Tibor and others},
  journal={Proceedings of the Royal Society B: Biological Sciences},
  volume={282},
  number={1805},
  pages={20150339},
  year={2015},
  publisher={The Royal Society}
}

@article{hakenbeck2017practising,
  title={Practising pastoralism in an agricultural environment: An isotopic analysis of the impact of the Hunnic incursions on Pannonian populations},
  author={Hakenbeck, Susanne E and Evans, Jane and Chapman, Hazel and F{\'o}thi, Erzs{\'e}bet},
  journal={PloS one},
  volume={12},
  number={3},
  pages={e0173079},
  year={2017},
  publisher={Public Library of Science}
}

@article{chylenski2017late,
  title={Late Danubian mitochondrial genomes shed light into the Neolithisation of Central Europe in the 5 th millennium BC},
  author={Chyle{\'n}ski, Maciej and Juras, Anna and Ehler, Edvard and Malmstr{\"o}m, Helena and Piontek, Janusz and Jakobsson, Mattias and Marciniak, Arkadiusz and Dabert, Miroslawa},
  journal={BMC evolutionary biology},
  volume={17},
  number={1},
  pages={80},
  year={2017},
  publisher={BioMed Central}
}




@article{juras2017diverse,
  title={Diverse origin of mitochondrial lineages in Iron Age Black Sea Scythians},
  author={Juras, Anna and Krzewi{\'n}ska, Maja and Nikitin, Alexey G and Ehler, Edvard and Chyle{\'n}ski, Maciej and {\L}ukasik, Sylwia and Krenz-Niedba{\l}a, Marta and Sinika, Vitaly and Piontek, Janusz and Ivanova, Svetlana and others},
  journal={Scientific reports},
  volume={7},
  pages={43950},
  year={2017},
  publisher={Nature Publishing Group}
}

@article{gonzalez2017paleogenomic,
  title={Paleogenomic evidence for multi-generational mixing between Neolithic farmers and Mesolithic hunter-gatherers in the lower Danube basin},
  author={Gonz{\'a}lez-Fortes, Gloria and Jones, Eppie R and Lightfoot, Emma and Bonsall, Clive and Lazar, Catalin and Grandal-d’Anglade, Aurora and Garralda, Mar{\'\i}a Dolores and Drak, Labib and Siska, Veronika and Simalcsik, Angela and others},
  journal={Current Biology},
  volume={27},
  number={12},
  pages={1801--1810},
  year={2017},
  publisher={Elsevier}
}

@article{draganescu2013pastoralism,
  title={Pastoralism and the Romanian History. Sheep Breeds-People, Languages, Genes in Northern Carpathians and Pannonia Basin},
  author={Dr{\u{a}}g{\u{a}}nescu, Condrea},
  journal={Scientific Papers Series D Animal Science},
  pages={16-24},
  volume={56},
  year={2013}
}


@article{drag2007note,
title={A note on Balkan sheep breeds origin and their taxonomy},
author={Dr{\u{a}}g{\u{a}}nescu, Condrea}, 
journal={Arch Zootech},
volume={10},
pages={90--101},
year={2007}
}

@article{micle2013carpathians,
  title={From Carpathians to Pindus. Transhumance--A bridge between Romanians And Aromanians},
  author={Micle, Ionel Calin},
  journal={Central European Regional Policy and Human Geography},
  volume={3},
  pages={30--31},
  year={2013}
}

@article{bosch2006paternal,
  title={Paternal and maternal lineages in the Balkans show a homogeneous landscape over linguistic barriers, except for the isolated Aromuns},
  author={Bosch, E and Calafell, F and Gonz{\'a}lez-Neira, A and Flaiz, C and Mateu, E and Scheil, H-G and Huckenbeck, W and Efremovska, L and Mikerezi, I and Xirotiris, N and others},
  journal={Annals of human genetics},
  volume={70},
  number={4},
  pages={459--487},
  year={2006},
  publisher={Wiley Online Library}
}

@article{varzari2007population,
  title={Population history of the Dniester-Carpathians: evidence from Alu markers},
  author={Varzari, Alexander and Stephan, Wolfgang and Stepanov, Vadim and Raicu, Florina and Cojocaru, Radu and Roschin, Yuri and Glavce, Cristiana and Dergachev, Valentin and Spiridonova, Maria and Schmidt, Horst D and others},
  journal={Journal of human genetics},
  volume={52},
  number={4},
  pages={308},
  year={2007},
  publisher={Nature Publishing Group}
}

@article{lazaridis2014ancient,
  title={Ancient human genomes suggest three ancestral populations for present-day Europeans},
  author={Lazaridis, Iosif and Patterson, Nick and Mittnik, Alissa and Renaud, Gabriel and Mallick, Swapan and Kirsanow, Karola and Sudmant, Peter H and Schraiber, Joshua G and Castellano, Sergi and Lipson, Mark and others},
  journal={Nature},
  volume={513},
  number={7518},
  pages={409},
  year={2014},
  publisher={Nature Publishing Group}
}


@article{varzari2013paleo,
  title={Paleo-Balkan and Slavic contributions to the genetic pool of Moldavians: insights from the Y chromosome},
  author={Varzari, Alexander and Kharkov, Vladimir and Nikitin, Alexey G and Raicu, Florina and Simonova, Kseniya and Stephan, Wolfgang and Weiss, Elisabeth H and Stepanov, Vadim},
  journal={PLoS One},
  volume={8},
  number={1},
  pages={e53731},
  year={2013},
  publisher={Public Library of Science}
}


@article{primorac2011croatian,
  title={Croatian genetic heritage: Y-chromosome story},
  author={Primorac, Dragan and Marjanovi{\'c}, Damir and Rudan, Pavao and Villems, Richard and Underhill, Peter A},
  journal={Croatian medical journal},
  volume={52},
  number={3},
  pages={225--234},
  year={2011},
  publisher={Medicinska naklada}
}

@article{primorac2011croatian,
  title={Croatian genetic heritage: Y-chromosome story},
  author={Primorac, Dragan and Marjanovi{\'c}, Damir and Rudan, Pavao and Villems, Richard and Underhill, Peter A},
  journal={Croatian medical journal},
  volume={52},
  number={3},
  pages={225--234},
  year={2011},
  publisher={Medicinska naklada}
}

@article{provan2008phylogeographic,
  title={Phylogeographic insights into cryptic glacial refugia},
  author={Provan, Jim and Bennett, KD},
  journal={Trends in ecology \& evolution},
  volume={23},
  number={10},
  pages={564--571},
  year={2008},
  publisher={Elsevier}
}

@article{sommer2009fossil,
  title={Fossil evidence and phylogeography of temperate species:‘glacial refugia’and post-glacial recolonization},
  author={Sommer, Robert S and Zachos, Frank E},
  journal={Journal of Biogeography},
  volume={36},
  number={11},
  pages={2013--2020},
  year={2009},
  publisher={Wiley Online Library}
}

@article{scheu2015genetic,
  title={The genetic prehistory of domesticated cattle from their origin to the spread across Europe},
  author={Scheu, Amelie and Powell, Adam and Bollongino, Ruth and Vigne, Jean-Denis and Tresset, Anne and {\c{C}}ak{\i}rlar, Canan and Benecke, Norbert and Burger, Joachim},
  journal={BMC genetics},
  volume={16},
  number={1},
  pages={54},
  year={2015},
  publisher={BioMed Central}
}

@article{tapio2006sheep,
  title={Sheep mitochondrial DNA variation in European, Caucasian, and Central Asian areas},
  author={Tapio, Miika and Marzanov, Nurbiy and Ozerov, Mikhail and Ćinkulov, Mirjana and Gonzarenko, Galina and Kiselyova, Tatyana and Murawski, Maciej and Viinalass, Haldja and Kantanen, Juha},
  journal={Molecular Biology and Evolution},
  volume={23},
  number={9},
  pages={1776--1783},
  year={2006},
  publisher={Oxford University Press}
}

@article{alexandri2012balkans,
  title={The Balkans and the colonization of Europe: the post-glacial range expansion of the wild boar, Sus scrofa},
  author={Alexandri, Panoraia and Triantafyllidis, Alexander and Papakostas, Spiros and Chatzinikos, Evangelos and Platis, Petros and Papageorgiou, Nikolaos and Larson, Greger and Abatzopoulos, Theodore J and Triantaphyllidis, Costas},
  journal={Journal of Biogeography},
  volume={39},
  number={4},
  pages={713--723},
  year={2012},
  publisher={Wiley Online Library}
}

@inproceedings{holmgren2002money,
  title={Money on the hoof. The astragalus bone-religion, gaming and primitive money},
  author={Holmgren, Richard},
  booktitle={PECUS. Man and animal in antiquity. Proceedings of the conference at the Swedish Institute in Rome},
  pages={212--220},
  year={2002}
}

@article{sohysiak2008plague,
title={The plague pandemic and Slavic expansion in the 6th-8th centuries},
author={Sohysiak, Arkadiusz},
journal={Archaeologiia Polona},
volume={44},
pages={339--364},
year={2008}
}

@article{lazaridis2016genomic,
  title={Genomic insights into the origin of farming in the ancient Near East},
  author={Lazaridis, Iosif and Nadel, Dani and Rollefson, Gary and Merrett, Deborah C and Rohland, Nadin and Mallick, Swapan and Fernandes, Daniel and Novak, Mario and Gamarra, Beatriz and Sirak, Kendra and others},
  journal={Nature},
  volume={536},
  number={7617},
  pages={419},
  year={2016},
  publisher={Nature Publishing Group}
}



@article{stamatoyannopoulos2017genetics,
  title={Genetics of the peloponnesean populations and the theory of extinction of the medieval peloponnesean Greeks},
  author={Stamatoyannopoulos, George and Bose, Aritra and Teodosiadis, Athanasios and Tsetsos, Fotis and Plantinga, Anna and Psatha, Nikoletta and Zogas, Nikos and Yannaki, Evangelia and Zalloua, Pierre and Kidd, Kenneth K and others},
  journal={European Journal of Human Genetics},
  volume={25},
  number={5},
  pages={637},
  year={2017},
  publisher={Nature Publishing Group}
}

@article{anthony2015indo,
  title={The Indo-European homeland from linguistic and archaeological perspectives},
  author={Anthony, David W and Ringe, Don},
  journal={Annu. Rev. Linguist.},
  volume={1},
  number={1},
  pages={199--219},
  year={2015},
  publisher={Annual Reviews}
}

@article{nikitin2017mitochondrial,
title={Mitochondrial DNA analysis of eneolithic trypillians from Ukraine reveals neolithic farming genetic roots},
author={Nikitin, Alexey G and Potekhina, Inna and Rohland, Nadin and Mallick, Swapan and Reich, David and Lillie, Malcolm},
journal={PloS one},
volume={12},
number={2},
pages={e0172952},
year={2017},
publisher={Public Library of Science}
}


@article{gunther2016genes,
  title={Genes mirror migrations and cultures in prehistoric Europe—a population genomic perspective},
  author={G{\"u}nther, Torsten and Jakobsson, Mattias},
  journal={Current Opinion in Genetics \& Development},
  volume={41},
  pages={115--123},
  year={2016},
  publisher={Elsevier}
}


@article{brandolini2016geographic,
title={Geographic differentiation of domesticated einkorn wheat and possible Neolithic migration routes},
author={Brandolini, A and Volante, A and Heun, M}, journal={Heredity},
volume={117},
number={3},
pages={135},
year={2016},
publisher={Nature Publishing Group}
}
@article{battaglia2009chromosomal,
title={Y-chromosomal evidence of the cultural diffusion of agriculture in Southeast Europe},
author={Battaglia, Vincenza and Fornarino, Simona and Al-Zahery, Nadia and Olivieri, Anna and Pala, Maria and Myres, Natalie M and King, Roy J and Rootsi, Siiri and Marjanovic, Damir and Primorac, Dragan and others},
journal={European Journal of Human Genetics},
volume={17},
number={6},
pages={820},
year={2009},
publisher={Nature Publishing Group}
}
@article{fu2016genetic,
title={The genetic history of ice age Europe},
author={Fu, Qiaomei and Posth, Cosimo and Hajdinjak, Mateja and Petr, Martin and Mallick, Swapan and Fernandes, Daniel and Furtw{\"a}ngler, Anja and Haak, Wolfgang and Meyer, Matthias and Mittnik, Alissa and others},
journal={Nature},
volume={534},
number={7606},
pages={200},
year={2016},
publisher={Nature Publishing Group}
}

@article{gislen2003superior,
title={Superior underwater vision in a human population of sea gypsies},
author={Gisl{\'e}n, Anna and Dacke, Marie and Kr{\"o}ger, Ronald HH and Abrahamsson, Maths and Nilsson, Dan-Eric and Warrant, Eric J},
journal={Current Biology},
volume={13},
number={10},
pages={833-836},
year={2003},
publisher={Elsevier}
}

@article{elias2005knowledge,
title={The knowledge that saved the sea gypsies},
author={Elias, Derek and Rungmanee, Soimart and Cruz, Irwin},
journal={A World of Science},
volume={3},
number={2},
pages={20--23},
year={2005}
}

@article{arunotai2008saved,
  title={Saved by an old legend and a keen observation: The case of Moken sea nomads in Thailand},
  author={Arunotai, Narumon},
  journal={Indigenous Knowledge for Disaster Risk Reduction},
  volume={73},
  year={2008}
}

@article{meyers2005legend,
  title={Legend, ritual and architecture on the ring of fire},
  author={Meyers, Koen and Watson, Puteri},
  journal={Indigenous Knowledge for Disaster Risk Reduction},
  pages={17},
  year={2005}
}



@article{Kogalniceanu2015,
author = {Kogalniceanu, Raluca and Ana, Ilie and Margarit, Monica and Simalcsik, Angela and Dumitrascu, Valentin},
year = {2015},
title = {An astragals hoard discovered in the Copper Age settlement at Iepure{\c{s}}ti, Giurgiu County, Romania},
volume = {41},
journal = {Documenta Praehistorica},
}

@article{mazzorin2013ancient,
title={Ancient use of the knuckle-bone for rituals and gaming piece},
author={Mazzorin, Jacopo De Grossi and Minniti, Claudia},
journal={Anthropozoologica},
volume={48},
number={2},
pages={371--381},
year={2013},
publisher={BioOne}
}


@book{DER1966,
author = {Cior{\u{a}}nescu, Alexandru},
title = {Diccionario Etimologico Rumano},
publisher = {Universidad de la Laguna},
year = {1966},
address = {Tenerife}
}

@book{DER2007,
author = {Cior{\u{a}}nescu, Alexandru},
title = {Dicționarul etimologic al limbii rom{\^{a}}ne},
publisher = {Saeculum},
year = 2007,
address = {Bucure{\c{s}}ti},
ISBN={973939986X 9789739399869}
}



@misc{WaltersMuseum,
author={Anonymous Apollonian, Painter},
year = {350BC},
title={Lekythos with Knucklebone Players and Attendants},
publisher={Walters Art Museum},
url={art.thewalters.org/detail/15102/red-figure-kerch-style-lekythos}
}

@article{Capidan1934 ,
author = {Capidan, Theodor},
year = {1934},
pages = {211-231},
title = {Le jeu aux osselets chez les Roumains, les Slaves et les Albanais},
volume = {1},
journal = {Revue internationale des {\'e}tudes balkaniques}
}

@article{Gry2013,
author = {Gryshchuk, Olga},
year = {2013},
pages = {24-34},
title = {Astragali As An Element Of The Funeral Ceremony Of The Dnieper-Don Babinskaya Culture Population},
volume = {17},
journal = {Donetsk Archaeological Bulletin}
}

@article{Filip&Mladen2017,
author = {Filipovi{\'c}, Vojislav and Mladenovi{\'c}, O},
year = {2017},
pages = {143-184},
title = {Contribution to the study of astragal belt segments from the territory of central and Southeastern Europe},
volume = {34},
journal = {Prilozi Instituta za Arheologiju}
}

@article{Trantalidou2019,
author = {Trantalidou, Katerina},
year = {2019},
pages = {1-64},
title = {Animal astragals as votive offerings. Biological and technological features of a timeless socio-cultural indicator.},
journal ={Athens Archaeological Bulletin},
volume = {69-70}
}

@book{bailey2000,
title={Balkan prehistory: exclusion, incorporation and identity},
author={Bailey, Douglass W},
year={2000},
publisher={Routledge}
}

@article{Leshtakov2018,
author = {Leshtakov, Petar and Ivanova, Maria and Ilieva, Jordanka and Samichkova, Galina and Dimitrov,Tanyo and Dyakov, Todor},
year = {2018},

pages = { 57-59},
title = {Archeological excavations at Avren-Bobata Chalcolithic fortified site, Varna District},
journal ={Archaeological Discoveries And Excavations in 2017 }
}

@inbook{Kris2018inTrade,
author={Kristiansen, Kristian}, 
title={Theorizing Trade and Civilization}, 
DOI={10.1017/9781108340946.002}, 
booktitle={Trade and Civilisation: Economic Networks and Cultural Ties, from Prehistory to the Early Modern Era}, 
publisher={Cambridge University Press}, 
place={Cambridge}, 
editor={Kristiansen, Kristian and Lindkvist, Thomas and Myrdal, Janken}, 
year={2018}, 
pages={1–24}
}

@article{Ku{\v{c}}era19,
author = {Ku{\v{c}}era, Luk{\'a}{\v{s}} and Pe{\v{s}}ka, Jaroslav and Fojt{\'i}k, Pavel and Bart{\'a}k, Petr and Ku{\v{c}}erov{\'a}, Pavla and Pavelka, Jaroslav and Kom{\'a}rkov{\'a}, Veronika and Bene{\v{s}}, Jarom{\'i}r and Polcerov{\'a}, Lenka and Kralik, Miroslav and Bedn{\'a}ř, Petr},
year = {2019},
title = {First direct evidence of broomcorn millet (Panicum miliaceum) in Central Europe},
journal = {Archaeological and Anthropological Sciences},
doi = {10.1007/s12520-019-00798-4}
}

@article{Rusu19,
author = {Rusu, Ioana and Alessandra, Modi and Radu, Claudia and Mircea, Cristina and Vulpoi, Adriana and Dobrinescu, C{\u{a}}t{\u{a}}lin and Bodolica, Vitalie and Pot{\^{a}}rniche, Tiberiu and Popescu, Octavian and Caramelli, David and Kelemen, Beatrice Simona},
year = {2019},
pages = {961},
title = {Mitochondrial ancestry of medieval individuals carelessly interred in a multiple burial from southeastern Romania},
volume = {9},
journal = {Scientific Reports},
doi = {10.1038/s41598-018-37760-8}
}

@article{Jordan2005,
author = {Jordan, Peter},
year = {2005},
title = {The Concept of the Cultural Region and the Importance of Coincidence between Administrative and Cultural Regions},
volume = {I},
journal = {Romanian Review of Regional Studies}
}

@article{Hervella2015,
author = {Hervella, Montse and Rotea, Mihai and Izagirre, Neskuts and Constantinescu, Mihai and Alonso, Santos and Mihai, Ioana and Lazar, Catalin and Ridichie, Florin and Soficaru, Andrei and Netea, Mihai and De la Rúa, Conchi},
year = {2015},
pages = {e0128810},
title = {Ancient DNA from South-East Europe Reveals Different Events during Early and Middle Neolithic Influencing the European Genetic Heritage},
volume = {10},
journal = {PLoS ONE},
doi = {10.1371/journal.pone.0128810}
}


@article{Yunusbayev2011,
    author = {Yunusbayev, Bayazit and Metspalu, Mait and Rootsi, Siiri and Behar, Doron M. and Kutuev, Ildus and Järve, Mari and Kivisild, Toomas and Villems, Richard and Sahakyan, Hovhannes and Khusnutdinova, Elza K. and Khusainova, Rita and Metspalu, Ene and Varendi, Kärt and Yepiskoposyan, Levon and Underhill, Peter A.},
    title = "{The Caucasus as an Asymmetric Semipermeable Barrier to Ancient Human Migrations}",
    journal = {Molecular Biology and Evolution},
    volume = {29},
    number = {1},
    pages = {359-365},
    year = {2011},
    issn = {0737-4038},
    doi = {10.1093/molbev/msr221}
}

@article{Larmuseau2018,
author = {Larmuseau, Maarten and Ottoni, Claudio},
year = {2018},
pages = {20-33},
title = {Mediterranean Y-chromosome 2.0—why the Y in the Mediterranean is still relevant in the postgenomic era},
volume = {45},
journal = {Annals of Human Biology},
doi = {10.1080/03014460.2017.1402956}
}


@article{zeng2018cultural,
title={Cultural hitchhiking and competition between patrilineal kin groups explain the post-Neolithic Y-chromosome bottleneck},
author={Zeng, Tian Chen and Aw, Alan J and Feldman, Marcus W},
journal={Nature communications},
volume={9}, number={1}, pages={2077},
year={2018},
publisher={Nature Publishing Group},
doi = {10.1038/s41467-018-04375-6}
}

@article{Bortolini17,
author = {Bortolini, Eugenio and Pagani, Luca and Crema, Enrico and Sarno, Stefania and Barbieri, Chiara and Boattini, Alessio and Sazzini, Marco and Graça da Silva, Sara and Martini, Gessica and Metspalu, Mait and Pettener, Davide and Luiselli, Donata and Tehrani, Jamie},
year = {2017},
title = {Inferring patterns of folktale diffusion using genomic data},
volume = {114},
journal = {Proceedings of the National Academy of Sciences},
doi = {10.1073/pnas.1614395114}
}

@article{Sarno2017ancient,
author = {Sarno, Stefania and Boattini, Alessio and Pagani, Luca and Sazzini, Marco and Fanti, Sara and Quagliariello, Andrea and Alberto, Guido and Gnecchi Ruscone, Guido and Guichard, Etienne and Ciani, Graziella and Bortolini, Eugenio and Barbieri, Chiara and Cilli, Elisabetta and Petrilli, Rosalba and Mikerezi, Ilia and Sineo, Luca and Vilar, Miguel and Wells, Spencer and Luiselli, Donata and Pettener, Davide},
year = {2017},
title = {Ancient and recent admixture layers in Sicily and Southern Italy trace multiple migration routes along the Mediterranean},
volume = {7},
journal = {Scientific Reports},
doi = {10.1038/s41598-017-01802-4}
}

@inbook{Ziva2017,
author = {Živaljevi{\'c}, Ivana and Dimitrijevi{\'c}, Vesna and Stefanovic, Sofija},
year = {2017},
pages = {113-133},
booktitle = {From Hunter-Gatherers to Farmers: Human Adaptations at the End of the Pleistocene and the First Part of the Holocene},
editor = {M{\u{a}}rg{\u{a}}rit, Monica and Boroneanț, Adina},
publisher= {Cetatea de Scaun, T{\^{a}}rgovi{\c{s}}te},
title = {Faunal remains from Kula, a Mesolithic-Neolithic site at the exit of the Danube Gorges (Serbia)},
isbn = {978-606-537-386-0}
}

@inproceedings{Ziva18,
author = {Živaljevi {\'c}, Ivana and Dimitrijevi {\'c}, Vesna and Filipovic, Dragana},
year = {2018},
pages = {49-51},
title = {Food procurement and sustenance in the Mesolithic Iron Gates, southeastern Europe},
booktitle = {Subsistence strategies in the Stone Age, direct and indirect evidence of fishing and gathering. Proceedings of the International Conference, St. Petersburg, 2018},
doi = {10.31600/978-5-907053-00-7-2018-49-51}
}


@article{Boroneant18,
author = {Boronean {\c{t}}, Adina and Virag, Cristian and Astalos, Ciprian and Bonsall, Clive},
year = {2018},
pages = {13-23},
title = {Sourcing obsidian from prehistoric sites in northwest Romania},
volume = {14},
journal = {Materiale {\c{s}}i Cercet{\u{a}}ri Arheologice}
}


@article{Gogaltan17,
author = {Gogaltan, Florin},
year = {2017},
month = {12},
pages = {11-42},
title = {Transilvania {\c{s}}i problema indo-europeniz {\u{a}}rii: Paradigma rom {\^{a}}neasc {\u{a}} [Transylvania and the Indo-European Migration Problem: The Romanian Paradigm]},
volume = {20/II},
journal = {Annales Universitatis Apulensis. Series Historica}
}

@article{Rusu18,
author = {Rusu, Ioana and Alessandra, Modi and Vai, Stefania and Pilli, Elena and Mircea, Cristina and Radu, Claudia and Urduzia, Claudia and Pinter, Zeno and Bodolica, Vitalie and Dobrinescu, C {\u{a}}t {\u{a}}lin and Hervella, Montse and Popescu, Octavian and Lari, Martina and Caramelli, David and Kelemen, Beatrice Simona},
year = {2018},
month = {03},
pages = {},
title = {Maternal DNA lineages at the gate of Europe in the 10 th century AD},
volume = {13},
journal = {PLoS ONE},
doi = {10.1371/journal.pone.0193578}
}

@article{Cramp2019,
author = {J E Cramp, Lucy and Ethier, Jonathan and Urem-Kotsou, Dushka and Bonsall, Clive and Evershed, Richard and Peric´, Slavi{\v{s}}a and Roffet-Salque, M{\'e}lanie and Whelton, Helen and Ivanova, Maria and Boric, Dusan},
year = {2019},
month = {01},
pages = {},
title = {Regional diversity in subsistence among early farmers in Southeast Europe revealed by archaeological organic residues},
volume = {286},
journal = {Proceedings of the Royal Society B},
doi = {10.1098/rspb.2018.2347}
}

@unpublished{Mar{\'o}ti18,
author = {Mar{\'o}ti, Zolt{\'a}n and T{\"o}r{\"o}k, Tibor and Nepar{\'a}czki, Endre and Rask{\'o}, Istvan and Nagyp{\'a}l, Istv{\'a}n and Mar{\'o}ti, Mikl{\'o}s and Varga, Tam{\'a}s and Bihari, P{\'e}ter and Boldogkői, Zsolt and Tomb{\'a}cz, D{\'o}ra and Kalmar, Tibor},
year = {2018},
title = {MITOMIX, an Algorithm to Reconstruct Population Admixture Histories Indicates Ancient European Ancestry of Modern Hungarians},
doi = {10.1101/247395}
}

@article{frinc2015pit,
author = {Fr{\^i}nculeasa, Alin and Preda, Bianca and Heyd, Volker},
year = {2015},
title = {Pit-Graves, Yamnaya and Kurgans along the Lower Danube: Disentangling IVth and IIIrd Millennium BC Burial Customs, Equipment and Chronology},
volume = {90},
journal = {Praehistorische Zeitschrift},
doi = {10.1515/pz-2015-0002}
}

@article{Hristov2016balk,
author = {Hristov, Peter and Sirakova, Daniela and Mitkov, Ivan and Nikolay, Spassov and Radoslavov, Georgi},
year = {2016},
pages = {56-61},
title = {Balkan brachicerous cattle – the first domesticated cattle in Europe},
volume = {29},
journal = {Mitochondrial DNA},
doi = {10.1080/24701394.2016.1238901}
}

@article{Mcclure18,
author = {Mcclure, Sarah and Magill, Clayton and Podrug, Emil and Moore, Andrew and Harper, Thomas and J. Culleton, Brendan and J. Kennett, Douglas and Freeman, Katherine},
year = {2018},
pages = {e0202807},
title = {Fatty acid specific δ13C values reveal earliest Mediterranean cheese production 7,200 years ago},
volume = {13},
journal = {PLOS ONE},
doi = {10.1371/journal.pone.0202807}
}

@inproceedings{Hansen14,
author = {Hansen, Svend},
year = {2014},
pages = {243-260},
booktitle = {Western Anatolia before Troy. Proto-Urbanisation in the 4th Millennium BC. Proceedings of the International Symposium, Vienna, 2012},
editor = {Horejs, Barbara and Mehofer, Mathias},
title = {The 4th Millennium: A Watershed in European Prehistory},
organization = {Kunsthistorisches Museum Wien},
publisher= { {\"O}sterreichische Akademie der Wissenschaften},
}

@article{cernih2008step,
author = {Chernykh, Evgeny},
year = {2008},
pages = {73-93},
title = {The “Steppe Belt” of stockbreeding cultures in Eurasia during the Early Metal Age},
volume = {65},
journal = {Trabajos de Prehistoria},
doi = {10.3989/tp.2008.08004}
}

@article{Gaastra2018gain,
author = {Gaastra, Jane and Greenfield, Haskel and Vander Linden, Marc},
year = {2018},
pages = {1462-1477},
title = {Gaining traction on cattle exploitation: Zooarchaeological evidence from the Neolithic Western Balkans},
volume = {92},
journal = {Antiquity},
doi = {10.15184/aqy.2018.178}
}

@article{Greenfield91,
author = {Greenfield, Haskel},
year = {1991},
pages = {161-186},
title = {Fauna from the Late Neolithic of the Central Balkans: Issues in Subsistence and Land Use},
volume = {18},
journal = {Journal of Field Archaeology},
doi = {10.1179/009346991792208380}
}

@article{Valamoti201plant,
author = {Valamoti, Soultana-Maria and Jacomet, Stefanie and Stika, Hans-Peter and Heiss, Andreas},
year = {2017},
title = {The PLANTCULT Project: identifying the plant food cultures of ancient Europe},
volume = {91},
journal = {Antiquity},
doi = {10.15184/aqy.2017.130}
}

@inbook{Valamoti2018iron,
author = {Valamoti, Soultana and Gkatzogia, Eugenia and Hrisrova, Ivanka and Marinova, Elena},
title = {Iron Age Cultural Interactions, Plant Subsistence and Land Use in Southeastern Europe Inferred from Archaeobotanical Evidence of Greece and Bulgaria},
booktitle = {Archaeology across Frontiers and Borderlands: Fragmentation and Connectivity in the North Agean and the Central Balkans from the Bronze Age to the Iron Age},
edition = {1},
pages = {269--290},
publisher = {Austrian Academy of Sciences Press},
year = {2018},
ISBN = {9783700180296},
URL = {http://www.jstor.org/stable/j.ctv92vpnk.16},
}


@unpublished{Piontek2018,
author = {Piontek, Janusz},
year = {2018},
title = {Continuity or discontinuity of the life-style in Central Europe during the late antiquity and early Middle Ages transition: Health, diet, and biological adaptation},
note = {Poster presented at 22nd European Meeting of the Paleopathology Association, Zagreb, Croatia, August 2018}
}

@article{Nielsen17,
author = {Nielsen, Rasmus and M. Akey, Joshua and Jakobsson, Mattias and K. Pritchard, Jonathan and Tishkoff, Sarah and Willerslev, Eske},
year = {2017},
pages = {302-310},
title = {Tracing the peopling of the world through genomics},
volume = {541},
journal = {Nature},
doi = {10.1038/nature21347}
}


@article{Whittle16,
author = {Whittle, Alasdair and Bayliss, Alex and Barclay, Alistair and Gaydarska, Bisserka and B{\'a}nffy, Eszter and Boric, Dusan and Drasovean, Florin and Jakucs, J{\'a}nos and Maric, Miroslav and Orton, David and Pantovic, Ivana and Schier, Wolfram and Tasi {\'c}, Nenad and Vander Linden, Marc},
year = {2016},
pages = {1},
title = {A Vin{\v{c}}a potscape: Formal chronological models for the use and development of Vin{\v{c}}a ceramics in south-east Europe},
volume = {43},
journal = {Documenta Praehistorica},
doi = {10.4312/dp.43.1}
}

@unpublished{unpublished,
author = {Battistelli, Alessandra},
year = {2016},
title = {Introduction to Nushu, the unique script of Chinese women}
}

@article{Hunt2018gene,
author = {Hunt, Harriet and Rudzinski, Anna and Jiang, Hongen and Wang, Ruiyun and Thomas, Mark and K Jones, Martin},
year = {2018},
pages = {095968361879811},
title = {Genetic evidence for a western Chinese origin of broomcorn millet ( Panicum miliaceum )},
volume = {28},
journal = {The Holocene},
doi = {10.1177/0959683618798116}
}

@article{Porcic18,
author = {Porcic, Marko},
year = {2018},
title = {Evaluating Social Complexity and Inequality in the Balkans Between 6500 and 4200 BC},
journal = {Journal of Archaeological Research},
doi = {10.1007/s10814-018-9126-6}
}

@article{Benvisto18,
author = {Benvisto, Alessandro and Messina, Francesco and Finocchio, Andrea and Popa, Luis and Stefan, Mihaela and Stefanescu, Gheorghe and Mironeanu, Catalin and Novelletto, Andrea and Rapone, Cesare and Berti, Andrea},
year = {2018},
pages = {e23139},
title = {A genetic portrait of the South-Eastern Carpathians based on autosomal short tandem repeats loci used in forensics},
volume = {30},
journal = {American Journal of Human Biology},
doi = {10.1002/ajhb.23139}
}


@article{jeong2018bronze,
author = {Jeong, Choongwon and Wilkin, Shevan and Amgalantugs, T and Bouwman, Abigail and Timothy Treal Taylor, William and W. Hagan, Richard and Bromage, Sabri and Tsolmon, Soninkhishig and Trachsel, Christian and Grossmann, Jonas and Littleton, Judith and A. Makarewicz, Cheryl and Krigbaum, John and Promerov{\'a}, Marta and Scott, Ashley and Davaasambuu, Ganmaa and Wright, Joshua and Irmer, Franziska and Myagmar, Erdene and Warinner, Christina},
year = {2018},
pages = {201813608},
title = {Bronze Age population dynamics and the rise of dairy pastoralism on the eastern Eurasian steppe},
volume = {115},
journal = {Proceedings of the National Academy of Sciences},
doi = {10.1073/pnas.1813608115}
}

@article{Messina18,
author = {Messina, Francesco and Finocchio, Andrea and Akar, Nejat and Loutradis, Aphrodite and I. Michalodimitrakis, Emmanuel and Brdicka, Radim and Jodice, Carla and Novelletto, Andrea},
year = {2018},
pages = {77-85},
title = {Enlarging the gene-geography of Europe and the Mediterranean area to STR loci of common forensic use: longitudinal and latitudinal frequency gradients},
volume = {45},
journal = {Annals of Human Biology},
doi = {10.1080/03014460.2017.1409365}
}
 
@article{Yang18,
author = {Yang, Melinda and Fu, Qiaomei},
year = {2018},
title = {Insights into Modern Human Prehistory Using Ancient Genomes},
volume = {34},
journal = {Trends in Genetics},
doi = {10.1016/j.tig.2017.11.008}
}

@article{Evershed2008,
author = {Evershed, Richard and Payne, Sebastian and G. Sherratt, Andrew and S. Copley, Mark and Coolidge, Jennifer and Urem-Kotsou, Dushka and Kotsakis, Kostas and O¨ zdog˘an, Mehmet and E. O¨ zdog˘an, Asly´ and Nieuwenhuyse, Olivier and Akkermans, Peter and Bailey, Douglass and And(r)eescu, Radian-Romus and Campbell, Stuart and Farid, Shahina and Hodder, Ian and Yalman, Nurcan and O¨ zbas¸aran, Mihriban and Bıc¸akcı, Erhan and M. Burton, Margie},
year = {2008},
pages = {528-531},
title = {Earliest date for milk use in the Near East and Southeastern Europe linked to cattle herding},
volume = {455},
journal = {Nature}
}

@article{Ehler2011,
author = {Ehler, Edvard and Vanek, Daniel and Stenzl, Vlastimil and Vancata, Vaclav},
year = {2011},
pages = {358-67},
title = {Y-chromosomal diversity of the Valachs from the Czech Republic: Model for isolated population in Central Europe},
volume = {52},
journal = {Croatian medical journal},
doi = {10.3325/cmj.2011.52.358}
}

@article{Herrscher2018,
author = {Herrscher, Estelle and ANDRE, Guy and Martin, Lucie and Poulmarc’h, Modwene and Lyonnet, Bertille and BODET, Christian and C, Chataigner and Decaix, Alexia and Goude, Gwenaëlle and Hamon, Caroline and Le Mort, Françoise and Messager, Erwan and Oberlin, Christine and Vincent, Ollivier and Sermet, Catherine and Vila, Emmanuelle},
year = {2018},
title = {The origins of millet cultivation in the South Caucasus: archaeological and archaeometric approaches.},
journal = {Pr{\'e}histoires M{\'e}diterran{\'e}ennes}
}

@article{Velculescu2013,
author = {Velculescu, C {\u{a}}t {\u{a}}lina and Bojar, Hans-Peter and Bojar, Ana-Voica},
year = {2013},
pages = {533-560},
title = {Poiana Sibiului - Retezat - Opovo. Marturiile lui Franz Baron Nopcsa. Poiana Sibiului - Retezat - Opovo. Berichte von Franz Baron Nopcsa.},
volume = {L},
journal = {Apulum. Acta Musei Apulensis}
}

@article{Leonardi2016evo,
author = {Leonardi, Michela and Librado, Pablo and Der Sarkissian, Clio and Schubert, Mikkel and H. Alfarhan, Ahmed and A. Alquraishi, Saleh and AL-Rasheid, Khaled and Gamba, Cristina and Willerslev, Eske and Orlando, Ludovic},
year = {2016},
title = {Evolutionary Patterns and Processes: Lessons from Ancient DNA},
journal = {Systematic Biology},
doi = {10.1093/sysbio/syw059}
}

@article{Lipson17,
author = {Lipson, Mark and Sz{\'e}cs{\'e}nyi-Nagy, Anna and Mallick, Subhashis and P{\'o}sa, Annam{\'a}ria and St{\'e}gm{\'a}r, Bal{\'a}zs and Keerl, Victoria and Rohland, Nadin and Stewardson, Kristin and Ferry, Matthew and Michel, Megan and Oppenheimer, Jonas and Broomandkhoshbacht, Nasreen and Harney, Eadaoin and Nordenfelt, Susanne and Llamas, Bastien and Mende, Bal{\'a}zs and Kitti, Kohler and Oross, Kriszti{\'a}n and Bondar, Maria and Reich, David},
year = {2017},
title = {Parallel paleogenomic transects reveal complex genetic history of early European farmers},
volume = {551},
journal = {Nature},
doi = {10.1038/nature24476}
}


